<?xml version="1.0" encoding="UTF-8"?><collection><record><leader>07866ntm a2200805 a 4500</leader><controlfield tag="001">006781940</controlfield><controlfield tag="003">MiAaHDL</controlfield><controlfield tag="005">20190719000000.0</controlfield><controlfield tag="006">m        d        </controlfield><controlfield tag="007">cr bn ---auaua</controlfield><controlfield tag="008">090518q16401708xx            00| ||ara d</controlfield><datafield tag="035" ind1=" " ind2=" "><subfield code="a">(MiU)006781940</subfield></datafield><datafield tag="035" ind1=" " ind2=" "><subfield code="a">sdr-miu006781940</subfield></datafield><datafield tag="040" ind1=" " ind2=" "><subfield code="a">MiU</subfield><subfield code="c">MiU</subfield><subfield code="e">amremm</subfield></datafield><datafield tag="043" ind1=" " ind2=" "><subfield code="a">n-us-mi</subfield></datafield><datafield tag="100" ind1="1" ind2=" "><subfield code="6">880-01</subfield><subfield code="a">Sanūsī, Muḥammad ibn Yūsuf,</subfield><subfield code="d">approximately 1427-approximately 1490.</subfield></datafield><datafield tag="245" ind1="1" ind2="3"><subfield code="6">880-03</subfield><subfield code="a">[al-Muqaddimah al-ṣughrá ... etc.,</subfield><subfield code="f">before 1708].</subfield></datafield><datafield tag="246" ind1="3" ind2=" "><subfield code="i">From inscription on opening 'title page' (p.5):</subfield><subfield code="a">مجموع من الكتب</subfield></datafield><datafield tag="246" ind1="3" ind2=" "><subfield code="a">مجموعة رسائل</subfield></datafield><datafield tag="260" ind1=" " ind2=" "><subfield code="c">[1640-1708?].</subfield></datafield><datafield tag="300" ind1=" " ind2=" "><subfield code="a">116 leaves :</subfield><subfield code="b">paper ;</subfield><subfield code="c">208 x 163 (157 x 99) mm.</subfield></datafield><datafield tag="500" ind1=" " ind2=" "><subfield code="a">Shelfmark: Ann Arbor, University of Michigan, Special Collections Library, Isl. Ms. 518</subfield></datafield><datafield tag="500" ind1=" " ind2=" "><subfield code="a">Origin: Lacks dated colophon ; collation statement on p.203 provides a rough terminus ante quem of 1708 ; paper, etc. suggest mid to late 17th or early 18th century dating.</subfield></datafield><datafield tag="500" ind1=" " ind2=" "><subfield code="a">Accompanying materials: a. Acquisitions slip from Yahuda (pp.1-2) -- b. Portion of a page from a printed book (in Turkish, possibly from a book catalogue) (pp.3-4).</subfield></datafield><datafield tag="500" ind1=" " ind2=" "><subfield code="a">Former shelfmark: From inner front cover, "M. 15" (likely supplied by Yahuda, see acquisitions slip).</subfield></datafield><datafield tag="500" ind1=" " ind2=" "><subfield code="a">Binding: Pasteboards covered in light pink laid paper with spine, fore edge flap, and fore edge of upper board in dark red leather ; Type II binding (with flap) ; board linings in untinted European laid paper (watermarks visible) ; sewn in white thread, two stations, many threads broken ; worked endbands in yellow and light blue over red leather core, fair condition thought with losses exposing core ; overall in somewhat poor condition with significant abrasion, staining, lifting and losses of paper and leather, flap detaching, delamination of boards, etc.</subfield></datafield><datafield tag="500" ind1=" " ind2=" "><subfield code="a">Support: European laid paper of two main types ; opening type with 6-7 laid lines per cm. (vertical), chain lines spaced 23-25 mm. apart (horizontal), and three crescents watermark (80 mm. long, perpendicular to chains, see p.12, 34, etc.), well-burnished to glossy, thick and sturdy, fairly crisp ; another type with 9-10 laid lines per cm. (vertical), chain lines spaced 28 mm. apart (horizontal), and hand / glove watermark (see p.90, compare nos. 11 and 12 in Velkov, Les Filigranes dans les documents Ottoman), thinner and far less glossy.</subfield></datafield><datafield tag="500" ind1=" " ind2=" "><subfield code="a">Decoration: Keywords and section headings rubricated in some texts ; overlining in red ; textual dividers in the form of red discs ; hāʼ musalsalah of قوله in quite ornate flourishes in red (see p.15, etc.).</subfield></datafield><datafield tag="500" ind1=" " ind2=" "><subfield code="a">Script: Naskh ; at least two hands, possibly Egyptian [?] in narrow and bolder lines ; one more angular, cramped and compact ; the other larger and more elegant ; mainly serifless (though occasional serifs irregularly appear) with effect of tilt to the left, elongation of horizontal strokes, curvilinear descenders, open and closed counters, pointing mainly in distinct dots.</subfield></datafield><datafield tag="500" ind1=" " ind2=" "><subfield code="a">Layout: Written in 21 lines per page.</subfield></datafield><datafield tag="500" ind1=" " ind2=" "><subfield code="a">Collation: 4 V(40), II (44), III (50), 5 V(100), 2 IV(116), i ; chiefly quinions ; catchwords present ; quire numbering in the form of Hindu-Arabic numerals on the opening recto of each quire, begins again with Sharḥ Muqaddimat al-Sanūsī ; pagination in pencil, Western numerals, supplied during digitization (includes inserts).</subfield></datafield><datafield tag="500" ind1=" " ind2=" "><subfield code="a">Title supplied by cataloguer.</subfield></datafield><datafield tag="500" ind1=" " ind2=" "><subfield code="a">Ms. codex.</subfield></datafield><datafield tag="505" ind1="0" ind2=" "><subfield code="a">8. p.205-p.235 : Sharḥ al-taṣawwurāt wa-al-taṣdīq fī al-ʻaqāʼid / Muḥammad ibn Yūsuf al-Sanūsī.</subfield></datafield><datafield tag="505" ind1="0" ind2=" "><subfield code="a">7. p.204 : [blank].</subfield></datafield><datafield tag="505" ind1="0" ind2=" "><subfield code="a">6. p.93-p.203 : Sharḥ Muqaddimat al-Sanūsī al-musammāh bi-Umm al-barāhīn / Muḥammad ibn Yūsuf al-Sanūsī.</subfield></datafield><datafield tag="505" ind1="0" ind2=" "><subfield code="a">5. p.92 [ʻAqīdah ṣaghīrah] / Muḥammad Ibn ʻArrāq [Shams al-Dīn Muḥammad ibn ʻAlī ibn ʻAbd al-Raḥmān Ibn ʻArrāq al-Kinānī].</subfield></datafield><datafield tag="505" ind1="0" ind2=" "><subfield code="a">4. p.90-p.91 : al-Fawāʼid / Muḥammad ibn Yūsuf al-Sanūsī.</subfield></datafield><datafield tag="505" ind1="0" ind2=" "><subfield code="a">3. p.10-p.89 : Kitāb Sharḥ al-Sanūsīyah al-ṣughrá / Muḥammad ibn Yūsuf al-Sanūsī.</subfield></datafield><datafield tag="505" ind1="0" ind2=" "><subfield code="a">2. p.6-p.9: al-Muqaddimah al-ṣughrá / Muḥammad ibn Yūsuf al-Sanūsī.</subfield></datafield><datafield tag="505" ind1="0" ind2=" "><subfield code="a">1. p.5 : [opening 'title page' with contents listing, waqf statement, etc.].</subfield></datafield><datafield tag="510" ind1="4" ind2=" "><subfield code="a">Velkov, Asparouh. Les Filigranes dans les documents Ottomans: divers types d’images. Sofia: Éditions "Texte - A. Trayanov", 2005.</subfield></datafield><datafield tag="510" ind1="4" ind2=" "><subfield code="a">Brockelmann, C. GAL,</subfield><subfield code="c">II 332 ; S II 461</subfield></datafield><datafield tag="510" ind1="4" ind2=" "><subfield code="a">Brockelmann, C. GAL,</subfield><subfield code="c">II 250 ; S II 352</subfield></datafield><datafield tag="520" ind1="8" ind2=" "><subfield code="a">Fine collection (majmūʻah) of several doctrinal treatises on the essentials of faith by Abū ʻAbd Allāh Muḥammad ibn Yūsuf al-Sanūsī (d.1490) along with a brief creed attributed to Shams al-Dīn Muḥammad ibn ʻAlī ibn ʻAbd al-Raḥmān Ibn ʻArrāq [ʻIrāq] al-Kinānī (d.1526). Contents listing on upper board lining (likely in Yahuda's hand) and on opening 'title page' (p.5).</subfield></datafield><datafield tag="538" ind1=" " ind2=" "><subfield code="a">Mode of access: Internet.</subfield></datafield><datafield tag="541" ind1=" " ind2=" "><subfield code="a">Acquired in 1926 from the bookseller Isaac Benjamin S.E. Yahuda via purchase transacted on his behalf by Abraham Shalom Yahuda (1877-1951), his younger brother.</subfield></datafield><datafield tag="546" ind1=" " ind2=" "><subfield code="a">Arabic.</subfield></datafield><datafield tag="561" ind1=" " ind2=" "><subfield code="a">On opening 'title page' (p.5), waqf statement accompanied by circular seal impression (likely dated 1167 [1753 or 4]) in name of al-Ḥājj Muḥammad Saʻīd ( الحاج محمد سعيد ), statement reads "وقد وقفت هذا المجموع وقفا صحيحا مرعيا شرائطه وانا الفقير الحاج محمد سعيد" ; on p.93 and p.205, repeated waqf statements in name of the aforementioned al-Ḥājj Muḥammad Saʻīd ( الحاج محمد سعيد ) each accompanied by his seal ; collation / correction / audition statement at close of Sharḥ Umm al-barāhīn (p.203) dated 27 Rabīʻ II 1120 [ca. 16 July 1708], indicated the text was read in the hearing of al-Mullā Ilyās, statement reads "بلغ هذا الشرح مقابلة وتصحيحا وقرأة على الاستاذ الملا الياس وختمناه عليه يوم الاحد السابع وعشرين من شهر ربيع الثاني سنة ۱۱۲۰" ; glosses and marginal corrections ; collation notes.</subfield></datafield><datafield tag="600" ind1="1" ind2="0"><subfield code="a">Sanūsī, Muḥammad ibn Yūsuf,</subfield><subfield code="d">ca. 1427-ca. 1490.</subfield><subfield code="t">Umm al-barāhīn.</subfield></datafield><datafield tag="600" ind1="1" ind2="0"><subfield code="a">Sanūsī, Muḥammad ibn Yūsuf,</subfield><subfield code="d">ca. 1427-ca. 1490.</subfield><subfield code="t">Muqaddimah.</subfield></datafield><datafield tag="650" ind1=" " ind2="0"><subfield code="a">Manuscripts, Arabic</subfield><subfield code="z">Michigan</subfield><subfield code="z">Ann Arbor.</subfield></datafield><datafield tag="650" ind1=" " ind2="0"><subfield code="a">Islam</subfield><subfield code="x">Doctrines</subfield><subfield code="v">Early works to 1800.</subfield></datafield><datafield tag="700" ind1="1" ind2="2"><subfield code="6">880-07</subfield><subfield code="a">Kinānī, Muḥammad ibn ʻAlī ibn ʻArrāq,</subfield><subfield code="d">d. 1526.</subfield><subfield code="t">ʻAqīdah ṣaghīrah.</subfield></datafield><datafield tag="740" ind1="0" ind2="2"><subfield code="6">880-10</subfield><subfield code="a">Sharḥ al-taṣawwurāt wa-al-taṣdīq fī al-ʻaqāʼid</subfield></datafield><datafield tag="740" ind1="0" ind2="2"><subfield code="6">880-09</subfield><subfield code="a">Sharḥ Umm al-barāhīn</subfield></datafield><datafield tag="740" ind1="0" ind2="2"><subfield code="6">880-08</subfield><subfield code="a">Sharḥ Muqaddimat al-Sanūsī al-musammāh bi-Umm al-barāhīn</subfield></datafield><datafield tag="740" ind1="0" ind2="2"><subfield code="6">880-06</subfield><subfield code="a">Fawāʼid</subfield></datafield><datafield tag="740" ind1="0" ind2="2"><subfield code="6">880-05</subfield><subfield code="a">Kitāb Sharḥ al-Sanūsīyah al-ṣughrá</subfield></datafield><datafield tag="740" ind1="0" ind2="2"><subfield code="6">880-04</subfield><subfield code="a">Sharḥ al-Muqaddimah al-ṣughrá</subfield></datafield><datafield tag="773" ind1="0" ind2=" "><subfield code="a">Yahuda Collection.</subfield></datafield><datafield tag="880" ind1="0" ind2="2"><subfield code="6">740-10/</subfield><subfield code="a">شرح التصورات والتصديق في العقائد</subfield></datafield><datafield tag="880" ind1="0" ind2="2"><subfield code="6">740-09/</subfield><subfield code="a">شرح ام البراهين</subfield></datafield><datafield tag="880" ind1="0" ind2="2"><subfield code="6">740-08/</subfield><subfield code="a">شرح مقدمة السنوسي المسماة بام البراهين</subfield></datafield><datafield tag="880" ind1="1" ind2="2"><subfield code="6">700-07/</subfield><subfield code="a">كناني, محمد بن علي بن عراق.</subfield><subfield code="t">عقيدة صغيرة.</subfield></datafield><datafield tag="880" ind1="0" ind2="2"><subfield code="6">740-06/</subfield><subfield code="a">فوائد</subfield></datafield><datafield tag="880" ind1="0" ind2="2"><subfield code="6">740-05/</subfield><subfield code="a">كتاب شرح السنوسية الصغرى</subfield></datafield><datafield tag="880" ind1="0" ind2="2"><subfield code="6">740-04/</subfield><subfield code="a">شرح المقدمة الصغرى</subfield></datafield><datafield tag="880" ind1="1" ind2="2"><subfield code="6">245-03/</subfield><subfield code="a">[المقدمة الصغرى ... الخ,</subfield><subfield code="f">قبل 1708م].</subfield></datafield><datafield tag="880" ind1="1" ind2=" "><subfield code="6">100-01/</subfield><subfield code="a">سنوسي، محمد بن يوسف.</subfield></datafield><datafield tag="CID" ind1=" " ind2=" "><subfield code="a">006781940</subfield></datafield><datafield tag="DAT" ind1="0" ind2=" "><subfield code="a">20190719102635.0</subfield><subfield code="b">20190719000000.0</subfield></datafield><datafield tag="DAT" ind1="1" ind2=" "><subfield code="a">20190719090653.0</subfield><subfield code="b">2019-07-19T16:11:27Z</subfield></datafield><datafield tag="DAT" ind1="2" ind2=" "><subfield code="a">2015-10-02T18:00:03Z</subfield></datafield><datafield tag="CAT" ind1=" " ind2=" "><subfield code="a">SDR-MIU</subfield><subfield code="d">EX LIBRIS - ALEPH</subfield><subfield code="l">prepare.pl-004-008</subfield></datafield><datafield tag="FMT" ind1=" " ind2=" "><subfield code="a">BK</subfield></datafield><datafield tag="HOL" ind1=" " ind2=" "><subfield code="0">sdr-miu006781940</subfield><subfield code="a">MiU</subfield><subfield code="b">SDR</subfield><subfield code="c">MIU</subfield><subfield code="p">mdp.39015079125673</subfield><subfield code="s">MIU</subfield><subfield code="1">006781940</subfield></datafield><datafield tag="974" ind1=" " ind2=" "><subfield code="b">MIU</subfield><subfield code="c">MIU</subfield><subfield code="d">20190719</subfield><subfield code="s">lit-dlps-dc</subfield><subfield code="u">mdp.39015079125673</subfield><subfield code="y">1708</subfield><subfield code="r">pd</subfield><subfield code="q">bib</subfield><subfield code="t">non-US bib date2 &lt; 1896</subfield></datafield></record></collection>